
@misc{Schumacher.2019,
author = {Schumacher, Jens},
year = {2019},
title = {Skript zur Vorlesung Statistische Verfahren im Wintersemester 2018/19},
institution = {Friedrich-Schiller Universit√§t Jena}
}

@book{weisberg2005,
  title={Applied linear regression},
  author={Weisberg, Sanford},
  volume={528},
  year={2005},
  publisher={John Wiley \& Sons}
}


